<?xml version="1.0" encoding="UTF-8"?><collection xmlns="http://www.loc.gov/MARC21/slim"><record><leader>00459nam--2200133-i-4500</leader><controlfield tag="001">000031781</controlfield><controlfield tag="002">20161230</controlfield><controlfield tag="005">20161230201038</controlfield><controlfield tag="008">060222s1000------------r-----000-0-eng-d</controlfield><datafield ind1=" " ind2=" " tag="080"><subfield code="a">5:530.1:061.3</subfield></datafield><datafield ind1=" " ind2=" " tag="100"><subfield code="a">Maheu, Rene /S.A.</subfield></datafield><datafield ind1=" " ind2=" " tag="245"><subfield code="a">Science and synthesis. an international colloquium organized by unesco on the tenth anniversary of the death of albert einstein and teilhard de chardin</subfield></datafield><datafield ind1=" " ind2=" " tag="260"><subfield code="a">Berlin, Springer-verlag, 1971. Xvi+206p</subfield></datafield><datafield ind1=" " ind2=" " tag="852"><subfield code="a">36401</subfield></datafield></record></collection>